@article{roncali_cherry_2013, title={Simulation of light transport in scintillators based on 3D characterization of crystal surfaces}, volume={58}, DOI={10.1088/0031-9155/58/7/2185}, number={7}, journal={Physics in Medicine and Biology}, author={Roncali, Emilie and Cherry, Simon R}, year={2013}, pages={2185–2198}}

@misc{geant4_doc, title={Geant4 Book For Application Developers}, url={http://geant4-userdoc.web.cern.ch/geant4-userdoc/UsersGuides/ForApplicationDeveloper/BackupVersions/V10.5-2.0/html/index.html}, journal={Geant4 Book For Application Developers - Book For Application Developers 10.5 documentation}}

@article{janecek_moses_2010, title={Simulating Scintillator Light Collection Using Measured Optical Reflectance}, volume={57}, DOI={10.1109/tns.2010.2042731}, number={3}, journal={IEEE Transactions on Nuclear Science}, author={Janecek, Martin and Moses, William W.}, year={2010}, pages={964–970}}

@article{janecek_moses_2008, title={Measuring Light Reflectance of BGO Crystal Surfaces}, volume={55}, DOI={10.1109/tns.2008.2003253}, number={5}, journal={IEEE Transactions on Nuclear Science}, author={Janecek, Martin and Moses, William W.}, year={2008}, pages={2443–2449}}

@article{spowart_1976, title={Neutron scintillating glasses: Part 1}, volume={135}, DOI={10.1016/0029-554x(76)90057-4}, number={3}, journal={Nuclear Instruments and Methods}, author={Spowart, A.r.}, year={1976}, pages={441–453}}

@misc{gs20, title={6-Lithium Enriched Glass Scintillators: Products: Scintacor}, url={https://scintacor.com/products/6-lithium-glass/}, journal={Home}}

@article{janecek_2012, title={Reflectivity Spectra for Commonly Used Reflectors}, volume={59}, DOI={10.1109/tns.2012.2183385}, number={3}, journal={IEEE Transactions on Nuclear Science}, author={Janecek, M.}, year={2012}, pages={490–497}}

@article{roncali_stockhoff_cherry_2017, title={An integrated model of scintillator-reflector properties for advanced simulations of optical transport}, volume={62}, DOI={10.1088/1361-6560/aa6ca5}, number={12}, journal={Physics in Medicine and Biology}, author={Roncali, Emilie and Stockhoff, Mariele and Cherry, Simon R}, year={2017}, pages={4811–4830}}

@article{pauwels_2012, title={Effect of Aspect Ratio on the Light Output of Scintillators}, volume={59}, DOI={10.1109/tns.2012.2183890}, number={5}, journal={IEEE Transactions on Nuclear Science}, author={Pauwels, Kristof and Auffray, E. and Gundacker, S. and Knapitsch, A. and Lecoq, P.}, year={2012}, pages={2340–2345}}

